<record><leader>00000cas a22000007a 4500</leader><controlfield tag="001">18934424</controlfield><controlfield tag="008">881221c19839999pauwr ne      0    0eng d</controlfield><datafield ind1=" " ind2=" " tag="010"><subfield code="a">sn 89077855 </subfield></datafield><datafield ind1=" " ind2=" " tag="040"><subfield code="a">NPH</subfield><subfield code="b">eng</subfield><subfield code="c">NPH</subfield><subfield code="d">OCLCQ</subfield></datafield><datafield ind1=" " ind2=" " tag="042"><subfield code="a">msc</subfield></datafield><datafield ind1="0" ind2=" " tag="130"><subfield code="a">County press (Newtown Square, Pa. : Marple-Newtown ed.)</subfield></datafield><datafield ind1="1" ind2="0" tag="245"><subfield code="a">County press.</subfield></datafield><datafield ind1="3" ind2="0" tag="246"><subfield code="a">County press County leader Marple-Newtown ed</subfield></datafield><datafield ind1=" " ind2=" " tag="250"><subfield code="a">Marple-Newtown ed.</subfield></datafield><datafield ind1=" " ind2=" " tag="260"><subfield code="a">Newtown Square, Pa. :</subfield><subfield code="b">William W. Lawrence,</subfield><subfield code="c">1983-</subfield></datafield><datafield ind1=" " ind2=" " tag="300"><subfield code="a">v. :</subfield><subfield code="b">ill. ;</subfield><subfield code="c">44 cm.</subfield></datafield><datafield ind1=" " ind2=" " tag="310"><subfield code="a">Weekly</subfield></datafield><datafield ind1="0" ind2=" " tag="362"><subfield code="a">Vol. 52, no. 49 (Sept. 14, 1983)-</subfield></datafield><datafield ind1=" " ind2=" " tag="500"><subfield code="a">"Serving the communities of Marple, Newtown Square, Media, Upper Providence, Middletown, Lima, Edgemont, Havertown and Drexel Hill."</subfield></datafield><datafield ind1=" " ind2=" " tag="500"><subfield code="a">Masthead carries titles: County press County leader Marple-Newton ed., Sept. 14, 1983-Jan. 11, 1984.</subfield></datafield><datafield ind1=" " ind2=" " tag="500"><subfield code="a">Issues for Sept. 14, 1983-Jan. 11, 1984 called: Marple-Newtown ed.; issues for Jan. 18, 1984&lt;-&gt; called: Marple Newtown ed.</subfield></datafield><datafield ind1=" " ind2=" " tag="752"><subfield code="a">United States</subfield><subfield code="b">Pennsylvania</subfield><subfield code="c">Delaware</subfield><subfield code="d">Newtown Square.</subfield></datafield><datafield ind1="0" ind2=" " tag="775"><subfield code="t">County press (Rose Tree-Media-Wallingford ed.)</subfield><subfield code="w">(DLC)sn 89077856</subfield></datafield><datafield ind1="0" ind2="1" tag="780"><subfield code="t">County press (Newtown Square, Pa.)</subfield><subfield code="w">(DLC)sn 89077854</subfield></datafield></record>